@Book(D,
  title = {Compiler Prinzipien, Techniken und Werkzeuge},
  series = {It, Informatik},
  author = {Aho, Alfred V.},
  editor = {Leuschel, Michael},
  address = {MÃ¼nchen u.a.},
  publisher = {Pearson Studium},
  year = {2008},
  edition = {2., aktualisierte Aufl., German language ed.},
  url = {https://digitale-objekte.hbz-nrw.de/storage/2008/03/03/file_131/2343468.pdf}
)
